@article{bailey1973quantifying,
  title={Quantifying diameter distributions with the Weibull function},
  author={Bailey, Robert L and Dell, TR},
  journal={Forest Science},
  volume={19},
  number={2},
  pages={97--104},
  year={1973},
  publisher={Society of American Foresters}
}

@article{hyink1983generalized,
  title={A generalized framework for projecting forest yield and stand structure using diameter distributions},
  author={Hyink, David M and Moser, John W},
  journal={Forest Science},
  volume={29},
  number={1},
  pages={85--95},
  year={1983},
  publisher={Society of American Foresters}
}

@article{liu2002finite,
  title={A finite mixture model for characterizing the diameter distributions of mixed-species forest stands},
  author={Liu, Chuangmin and Zhang, Lianjun and Davis, Craig J and Solomon, Dale S and Gove, Jeffrey H},
  journal={Forest Science},
  volume={48},
  number={4},
  pages={653--661},
  year={2002},
  publisher={Society of American Foresters}
}

@article{cao2004predicting,
  title={Predicting parameters of a Weibull function for modeling diameter distribution},
  author={Cao, Quang V},
  journal={Forest science},
  volume={50},
  number={5},
  pages={682--685},
  year={2004},
  publisher={Society of American Foresters}
}

@article{coomes2007mortality,
  title={Mortality and tree-size distributions in natural mixed-age forests},
  author={Coomes, David A and Allen, Robert B},
  journal={Journal of Ecology},
  volume={95},
  number={1},
  pages={27--40},
  year={2007},
  publisher={Wiley Online Library}
}

@article{nelson1964diameter,
  title={Diameter distribution and growth of loblolly pine},
  author={Nelson, Thomas C},
  journal={Forest Science},
  volume={10},
  number={1},
  pages={105--114},
  year={1964},
  publisher={Society of American Foresters}
}

@article{meyer1943structure,
  title={The structure and growth of virgin beech-birch-maple-hemlock forests in northern Pennsylvania},
  author={Meyer, H Arthur and Stevenson, Donald D},
  journal={J. Agric. Res},
  volume={67},
  number={2},
  year={1943}
}

@article{johnson1949systems,
  title={Systems of frequency curves generated by methods of translation},
  author={Johnson, Norman L},
  journal={Biometrika},
  volume={36},
  number={1/2},
  pages={149--176},
  year={1949},
  publisher={JSTOR}
}

@article{ducey2015sizebiased,
  title={Size-biased distributions in the generalized beta distribution family, with applications to forestry},
  author={Ducey, Mark J and Gove, Jeffrey H},
  journal={Forestry},
  volume={88},
  number={1},
  pages={143--151},
  year={2015},
  publisher={Inst Chartered Foresters}
}

@book{burnham2002model,
  title={{Model Selection and Multimodel Inference: A Practical Information-Theoretic Approach}},
  author={Burnham, KP and Anderson, DR},
  year={2002},
  publisher={Springer-Verlag New York},
  isbn={0-387-95364-7}
}

@techreport{schreuder2004statistical,
  title={Statistical techniques for sampling and monitoring natural resources},
  author={Schreuder, Hans T and Ernst, Richard and Ramirez-Maldonado, Hugo},
  year={2004},
  institution={USDA Forest Service, Rocky Mountain Research Station},
  number={RMRS-GTR-126}
}

@article{orellana2017fitting,
  title={FITTING METHODS AND SELECTION PROCEDURES OF PROBABILISTIC FUNCTIONS TO MODEL THE DIAMETER DISTRIBUTION IN A NATIVE ARAUCARIA FOREST},
  author={Orellana, Enrique and Figueiredo Filho, Afonso and P{\'e}llico Netto, Sylvio and Dias, Andrea Nogueira},
  journal={Ci{\^e}ncia Florestal},
  volume={27},
  number={3},
  pages={969--980},
  year={2017},
  publisher={SciELO Brasil}
}