% diameter distribution modelling

@article{kalliovirta2005functions,
  title={Functions for estimating stem diameter and tree age using tree height, crown width and existing stand database information},
  author={Kalliovirta, Jouni and Tokola, Timo},
  journal={Silva Fennica},
  volume={39},
  number={2},
  pages={227--248},
  year={2005}
}

@article{liu2002finite,
  title={A finite mixture model for characterizing the diameter distributions of mixed-species forest stands},
  author={Liu, Chuangmin and Zhang, Lianjun and Davis, Craig J and Solomon, Dale S and Gove, Jeffrey H},
  journal={Forest Science},
  volume={48},
  number={4},
  pages={653--661},
  year={2002},
  publisher={Society of American Foresters}
}

@article{nelson1964diameter,
  title={Diameter distribution and growth of loblolly pine},
  author={Nelson, Thomas C},
  journal={Forest Science},
  volume={10},
  number={1},
  pages={105--114},
  year={1964},
  publisher={Society of American Foresters}
}

@article{johnson1949systems,
  title={Systems of frequency curves generated by methods of translation},
  author={Johnson, Norman L},
  journal={Biometrika},
  volume={36},
  number={1/2},
  pages={149--176},
  year={1949},
  publisher={JSTOR}
}

@article{clutter1974growth,
  title={A growth and yield model for Pinus radiata in New Zealand},
  author={Clutter, JL and Allison, BJ},
  journal={Growth Models for Tree and Stand Simulation. Proc. IUFRO Working Party S},
  volume={4},
  pages={01--4},
  year={1974}
}

@article{meyer1943structure,
  title={The structure and growth of virgin beech-birch-maple-hemlock forests in northern Pennsylvania},
  author={Meyer, H Arthur and Stevenson, Donald D},
  journal={J. Agric. Res},
  volume={67},
  number={2},
  year={1943}
}

@article{reynolds1988goodness,
  title={Goodness-of-fit tests and model selection procedures for diameter distribution models},
  author={Reynolds, Morion R and Burk, Thomas E and Huang, Won-Chin},
  journal={Forest Science},
  volume={34},
  number={2},
  pages={373--399},
  year={1988},
  publisher={Society of American Foresters}
}

@article{cao2004predicting,
  title={Predicting parameters of a Weibull function for modeling diameter distribution},
  author={Cao, Quang V},
  journal={Forest science},
  volume={50},
  number={5},
  pages={682--685},
  year={2004},
  publisher={Society of American Foresters}
}

@article{bailey1973quantifying,
  title={Quantifying diameter distributions with the Weibull function},
  author={Bailey, Robert L and Dell, TR},
  journal={Forest Science},
  volume={19},
  number={2},
  pages={97--104},
  year={1973},
  publisher={Society of American Foresters}
}

@article{hafley1977statistical,
  title={Statistical distributions for fitting diameter and height data in even-aged stands},
  author={Hafley, WL and Schreuder, HT},
  journal={Canadian Journal of Forest Research},
  volume={7},
  number={3},
  pages={481--487},
  year={1977},
  publisher={NRC Research Press}
}

@article{wang2005tree,
  title={Tree diameter distribution modelling: introducing the logit logistic distribution},
  author={Wang, Mingliang and Rennolls, Keith},
  journal={Canadian Journal of Forest Research},
  volume={35},
  number={6},
  pages={1305--1313},
  year={2005},
  publisher={NRC Research Press}
}

@article{liu2004evaluation,
  title={Evaluation of three methods for predicting diameter distributions of black spruce (Picea mariana) plantations in central Canada},
  author={Liu, Chuangmin and Zhang, SY and Lei, Yuancai and Newton, Peter F and Zhang, Lianjun},
  journal={Canadian Journal of Forest Research},
  volume={34},
  number={12},
  pages={2424--2432},
  year={2004},
  publisher={NRC Research Press}
}

@article{newton2005stand,
  title={Stand-level diameter distribution yield model for black spruce plantations},
  author={Newton, PF and Lei, Y and Zhang, SY},
  journal={Forest Ecology and Management},
  volume={209},
  number={3},
  pages={181--192},
  year={2005},
  publisher={Elsevier}
}

@article{coomes2007mortality,
  title={Mortality and tree-size distributions in natural mixed-age forests},
  author={Coomes, David A and Allen, Robert B},
  journal={Journal of Ecology},
  volume={95},
  number={1},
  pages={27--40},
  year={2007},
  publisher={Wiley Online Library}
}

@article{siipilehto1999improving,
  title={Improving the accuracy of predicted basal-area diameter distribution in advanced stands by determining stem number},
  author={Siipilehto, Jouni and others},
  journal={Silva Fennica},
  volume={33},
  number={4},
  pages={281--301},
  year={1999},
  publisher={THE FINNISH SOCIETY OF FOREST SCIENCE}
}

@article{gobakken2004estimation,
  title={Estimation of diameter and basal area distributions in coniferous forest by means of airborne laser scanner data},
  author={Gobakken, Terje and N{\ae}sset, Erik},
  journal={Scandinavian Journal of Forest Research},
  volume={19},
  number={6},
  pages={529--542},
  year={2004},
  publisher={Taylor \& Francis}
}

@article{maltamo2004estimation,
  title={Estimation of timber volume and stem density based on scanning laser altimetry and expected tree size distribution functions},
  author={Maltamo, M and Eerik{\"a}inen, K and Pitk{\"a}nen, J and Hyypp{\"a}, J and Vehmas, M},
  journal={Remote Sensing of Environment},
  volume={90},
  number={3},
  pages={319--330},
  year={2004},
  publisher={Elsevier}
}

@article{maltamo2000comparison,
  title={Comparison of percentile based prediction methods and the Weibull distribution in describing the diameter distribution of heterogeneous Scots pine stands},
  author={Maltamo, Matti and Kangas, Annika and Uuttera, Janne and Torniainen, Tatu and Saram{\"a}ki, Jussi},
  journal={Forest Ecology and Management},
  volume={133},
  number={3},
  pages={263--274},
  year={2000},
  publisher={Elsevier}
}

@article{maltamo1998methods,
  title={Methods based on k-nearest neighbor regression in the prediction of basal area diameter distribution},
  author={Maltamo, Matti and Kangas, Annika},
  journal={Canadian Journal of Forest Research},
  volume={28},
  number={8},
  pages={1107--1115},
  year={1998},
  publisher={NRC Research Press}
}



% diameter distribution applications

@article{westphal2006reverse,
  title={Is the reverse J-shaped diameter distribution universally applicable in European virgin beech forests?},
  author={Westphal, Christina and Tremer, Nils and von Oheimb, Goddert and Hansen, Jan and von Gadow, Klaus and H{\"a}rdtle, Werner},
  journal={Forest Ecology and Management},
  volume={223},
  number={1},
  pages={75--83},
  year={2006},
  publisher={Elsevier}
}

@article{coomes2003disturbances,
  title={Disturbances prevent stem size-density distributions in natural forests from following scaling relationships},
  author={Coomes, David A and Duncan, Richard P and Allen, Robert B and Truscott, James},
  journal={Ecology letters},
  volume={6},
  number={11},
  pages={980--989},
  year={2003},
  publisher={Wiley Online Library}
}

@article{hyink1983generalized,
  title={A generalized framework for projecting forest yield and stand structure using diameter distributions},
  author={Hyink, David M and Moser, John W},
  journal={Forest Science},
  volume={29},
  number={1},
  pages={85--95},
  year={1983},
  publisher={Society of American Foresters}
}

@article{brown1976estimating,
  title={Estimating shrub biomass from basal stem diameters},
  author={Brown, James K},
  journal={Canadian Journal of Forest Research},
  volume={6},
  number={2},
  pages={153--158},
  year={1976},
  publisher={NRC Research Press}
}

@article{mehtatalo2011combining,
  title={Combining a predicted diameter distribution with an estimate based on a small sample of diameters},
  author={Meht{\"a}talo, Lauri and Comas, Carlos and Pukkala, Timo and Palah{\'\i}, Marc},
  journal={Canadian Journal of Forest Research},
  volume={41},
  number={4},
  pages={750--762},
  year={2011},
  publisher={NRC Research Press}
}

% other

@article{ducey2015sizebiased,
  title={Size-biased distributions in the generalized beta distribution family, with applications to forestry},
  author={Ducey, Mark J and Gove, Jeffrey H},
  journal={Forestry},
  volume={88},
  number={1},
  pages={143--151},
  year={2015},
  publisher={Inst Chartered Foresters}
}

@book{burnham2002model,
  title={{Model selection and multimodel inference: a practical information-theoretic approach},
  author={Burnham, KP and Anderson, DR},
  year={2002},
  publisher={Springer-Verlag New York},
  isbn={0-387-95364-7}
}