@article{bitterlich1947,
  author = {Bitterlich, Walter},
  title = {Die Winkelzahlmessung},
  journal = {Allgemeine Forst- und Holzwirtschaftliche Zeitung},
  volume = {58},
  pages = {94--96},
  year = {1947}
}

@article{van1986,
  author = {Van Deusen, Paul C.},
  title = {Fitting assumed distributions to horizontal point sample diameters},
  journal = {Forest Science},
  volume = {32},
  number = {1},
  pages = {146--148},
  year = {1986}
}

@article{gove2000,
  author = {Gove, Jeffrey H.},
  title = {Some observations on fitting assumed diameter distributions to horizontal point sampling data},
  journal = {Canadian Journal of Forest Research},
  volume = {30},
  number = {3},
  pages = {521--533},
  year = {2000}
}

@article{ducey2015,
  author = {Ducey, Mark J. and Gove, Jeffrey H.},
  title = {Size-biased distributions in the generalized beta distribution family, with applications to forestry},
  journal = {Forestry},
  volume = {88},
  number = {2},
  pages = {143--151},
  year = {2015}
}

@misc{paradis2019submitted,
  author = {Paradis, Gregory E.},
  title = {A simplified method for estimating stem diameter distributions from horizontal point sample data},
  howpublished = {Manuscript submitted},
  year = {2019}
}

@misc{gouvernement2019,
  author = {{Gouvernement du Qu\'ebec}},
  title = {Placettes-{\'e}chantillons permanentes (permanent sample plots)},
  year = {2019},
  note = {Data retrieved from Donn\'ees Qu\'ebec},
  url = {https://www.donneesquebec.ca}
}
