@article{vandeusen1986fitting,
  title={Fitting assumed distributions to horizontal point sample diameters},
  author={Van Deusen, Paul C},
  journal={Forest Science},
  volume={32},
  number={1},
  pages={146--148},
  year={1986},
  publisher={Oxford University Press}
}

@article{ducey2015sizebiased,
  title={Size-biased distributions in the generalized beta distribution family, with applications to forestry},
  author={Ducey, Mark J and Gove, Jeffrey H},
  journal={Forestry},
  volume={88},
  number={1},
  pages={143--151},
  year={2015},
  publisher={Inst Chartered Foresters}
}

@article{liu2014modeling,
  title={Modeling diameter distributions of mixed-species forest stands},
  author={Liu, Fuxiang and Li, Fengri and Zhang, Lianjun and Jin, Xingji},
  journal={Scandinavian journal of forest research},
  volume={29},
  number={7},
  pages={653--663},
  year={2014},
  publisher={Taylor \& Francis}
}

@article{crenin2015truncated,
  title={Truncated Weibull Distribution Functions and Moments},
  author={Cr{\'e}nin, Fran{\c{c}}ois},
  journal={Available at SSRN 2690255},
  year={2015}
}

@article{zutter1986characterizing,
  title={Characterizing diameter distributions with modified data types and forms of the Weibull distribution},
  author={Zutter, BR and Oderwald, RG and Murphy, PA and Farrar Jr, RM},
  journal={Forest Science},
  volume={32},
  number={1},
  pages={37--48},
  year={1986},
  publisher={Oxford University Press}
}

@article{mcewen1991moment,
  title={Moment expressions and summary statistics for the complete and truncated Weibull distribution},
  author={McEwen, Robert P and Parresol, Bernard R},
  journal={Communications in Statistics-Theory and Methods},
  volume={20},
  number={4},
  pages={1361--1372},
  year={1991},
  publisher={Taylor \& Francis}
}

@article{wingo1989left,
  title={The left-truncated Weibull distribution: theory and computation},
  author={Wingo, Dallas R},
  journal={Statistical papers},
  volume={30},
  number={1},
  pages={39--48},
  year={1989},
  publisher={Springer}
}



@article{bailey1973quantifying,
  title={Quantifying diameter distributions with the Weibull function},
  author={Bailey, Robert L and Dell, TR},
  journal={Forest Science},
  volume={19},
  number={2},
  pages={97--104},
  year={1973},
  publisher={Society of American Foresters}
}

@article{hyink1983generalized,
  title={A generalized framework for projecting forest yield and stand structure using diameter distributions},
  author={Hyink, David M and Moser, John W},
  journal={Forest Science},
  volume={29},
  number={1},
  pages={85--95},
  year={1983},
  publisher={Society of American Foresters}
}

@article{liu2002finite,
  title={A finite mixture model for characterizing the diameter distributions of mixed-species forest stands},
  author={Liu, Chuangmin and Zhang, Lianjun and Davis, Craig J and Solomon, Dale S and Gove, Jeffrey H},
  journal={Forest Science},
  volume={48},
  number={4},
  pages={653--661},
  year={2002},
  publisher={Society of American Foresters}
}

@article{cao2004predicting,
  title={Predicting parameters of a Weibull function for modeling diameter distribution},
  author={Cao, Quang V},
  journal={Forest science},
  volume={50},
  number={5},
  pages={682--685},
  year={2004},
  publisher={Society of American Foresters}
}

@article{coomes2007mortality,
  title={Mortality and tree-size distributions in natural mixed-age forests},
  author={Coomes, David A and Allen, Robert B},
  journal={Journal of Ecology},
  volume={95},
  number={1},
  pages={27--40},
  year={2007},
  publisher={Wiley Online Library}
}

@article{nelson1964diameter,
  title={Diameter distribution and growth of loblolly pine},
  author={Nelson, Thomas C},
  journal={Forest Science},
  volume={10},
  number={1},
  pages={105--114},
  year={1964},
  publisher={Society of American Foresters}
}

@article{meyer1943structure,
  title={The structure and growth of virgin beech-birch-maple-hemlock forests in northern Pennsylvania},
  author={Meyer, H Arthur and Stevenson, Donald D},
  journal={J. Agric. Res},
  volume={67},
  number={2},
  year={1943}
}

@article{johnson1949systems,
  title={Systems of frequency curves generated by methods of translation},
  author={Johnson, Norman L},
  journal={Biometrika},
  volume={36},
  number={1/2},
  pages={149--176},
  year={1949},
  publisher={JSTOR}
}

@article{ducey2015sizebiased,
  title={Size-biased distributions in the generalized beta distribution family, with applications to forestry},
  author={Ducey, Mark J and Gove, Jeffrey H},
  journal={Forestry},
  volume={88},
  number={1},
  pages={143--151},
  year={2015},
  publisher={Inst Chartered Foresters}
}

@book{burnham2002model,
  title={{Model Selection and Multimodel Inference: A Practical Information-Theoretic Approach}},
  author={Burnham, KP and Anderson, DR},
  year={2002},
  publisher={Springer-Verlag New York},
  isbn={0-387-95364-7}
}

@techreport{schreuder2004statistical,
  title={Statistical techniques for sampling and monitoring natural resources},
  author={Schreuder, Hans T and Ernst, Richard and Ramirez-Maldonado, Hugo},
  year={2004},
  institution={USDA Forest Service, Rocky Mountain Research Station},
  number={RMRS-GTR-126}
}

@article{orellana2017fitting,
  title={FITTING METHODS AND SELECTION PROCEDURES OF PROBABILISTIC FUNCTIONS TO MODEL THE DIAMETER DISTRIBUTION IN A NATIVE ARAUCARIA FOREST},
  author={Orellana, Enrique and Figueiredo Filho, Afonso and P{\'e}llico Netto, Sylvio and Dias, Andrea Nogueira},
  journal={Ci{\^e}ncia Florestal},
  volume={27},
  number={3},
  pages={969--980},
  year={2017},
  publisher={SciELO Brasil}
}

@article{hafley1977statistical,
  title={Statistical distributions for fitting diameter and height data in even-aged stands},
  author={Hafley, WL and Schreuder, HT},
  journal={Canadian Journal of Forest Research},
  volume={7},
  number={3},
  pages={481--487},
  year={1977},
  publisher={NRC Research Press}
}

%%% new stuff

@article{zutter1986characterizing,
  title={Characterizing diameter distributions with modified data types and forms of the Weibull distribution},
  author={Zutter, BR and Oderwald, RG and Murphy, PA and Farrar Jr, RM},
  journal={Forest Science},
  volume={32},
  number={1},
  pages={37--48},
  year={1986},
  publisher={Oxford University Press}
}

@article{gunn20001modeling,
  title={1MODELING THE DIAMETER DISTRIBUTION ON THE FULLY STOCKED HARDWOOD PERMANENT SAMPLE PLOTS},
  author={Gunn, Eldon and Mcgrath, Tim},
  year={2000},
  publisher={Citeseer}
}

@article{ogana2018characterising,
  title={Characterising truncated tree diameter data from tropical forest stands in Nigeria},
  author={Ogana, FN and Wali, WD},
  journal={Journal of Research in Forestry, Wildlife and Environment},
  volume={10},
  number={4},
  pages={81--91},
  year={2018},
  publisher={Department of Forestry Wildlife and Range Management, University of~â€¦}
}

@article{orellana2017fitting,
  title={FITTING METHODS AND SELECTION PROCEDURES OF PROBABILISTIC FUNCTIONS TO MODEL THE DIAMETER DISTRIBUTION IN A NATIVE ARAUCARIA FOREST},
  author={Orellana, Enrique and Figueiredo Filho, Afonso and P{\'e}llico Netto, Sylvio and Dias, Andrea Nogueira},
  journal={Ci{\^e}ncia Florestal},
  volume={27},
  number={3},
  pages={969--980},
  year={2017},
  publisher={SciELO Brasil}
}

@article{nadarajah2006r,
  title={R programs for computing truncated distributions},
  author={Nadarajah, Saralees and Kotz, Samuel},
  journal={Journal of},
  year={2006}
}

%%% estimating parameters of truncated distributions

@article{mittal1989estimating,
  title={Estimating the parameters of a truncated Weibull distribution},
  author={Mittal, Mukul M and Dahiya, Ram C},
  journal={Communications in Statistics-Theory and Methods},
  volume={18},
  number={6},
  pages={2027--2042},
  year={1989},
  publisher={Taylor \& Francis}
}

@article{hannon1999estimation,
  title={Estimation of parameters for the truncated exponential distribution},
  author={Hannon, Patrick M and Dahiya, Ram C},
  journal={Communications in Statistics-Theory and Methods},
  volume={28},
  number={11},
  pages={2591--2612},
  year={1999},
  publisher={Taylor \& Francis}
}

@article{hegde1989estimation,
  title={Estimation of the parameters of a truncated gamma distribution},
  author={Hegde, Laxman M and Dahiya, Ram C},
  journal={Communications in Statistics-Theory and Methods},
  volume={18},
  number={2},
  pages={561--577},
  year={1989},
  publisher={Taylor \& Francis}
}

@article{ahmad2001moments,
  title={Moments of order statistics from doubly truncated continuous distributions and characterizations},
  author={Ahmad, Abd el-baset A},
  journal={Statistics: A Journal of Theoretical and Applied Statistics},
  volume={35},
  number={4},
  pages={479--494},
  year={2001},
  publisher={Taylor \& Francis}
}

@misc{stall2019make,
  title={Make scientific data FAIR},
  author={Stall, Shelley and Yarmey, Lynn and Cutcher-Gershenfeld, Joel and Hanson, Brooks and Lehnert, Kerstin and Nosek, Brian and Parsons, Mark and Robinson, Erin and Wyborn, Lesley},
  year={2019},
  publisher={Nature Publishing Group}
}

@article{wilkinson2016fair,
  title={The FAIR Guiding Principles for scientific data management and stewardship},
  author={Wilkinson, Mark D and Dumontier, Michel and Aalbersberg, IJsbrand Jan and Appleton, Gabrielle and Axton, Myles and Baak, Arie and Blomberg, Niklas and Boiten, Jan-Willem and da Silva Santos, Luiz Bonino and Bourne, Philip E and others},
  journal={Scientific data},
  volume={3},
  year={2016},
  publisher={Nature Publishing Group}
}

@article{wingo1989left,
  title={The left-truncated Weibull distribution: theory and computation},
  author={Wingo, Dallas R},
  journal={Statistical papers},
  volume={30},
  number={1},
  pages={39--48},
  year={1989},
  publisher={Springer}
}

@article{bitterlich1947winkelzahlmessung,
  title={Die winkelzahlmessung},
  author={Bitterlich, Walter},
  journal={Allegemeine Forst-und Holzwirtschaftliche Zeitung},
  volume={58},
  pages={94--96},
  year={1947}
}

@Book{devroye1986nonuniform,
  author = 	 {Devroye, Luc},
  title = 	 {{Non-Uniform Random Variate Generation}},
  publisher = 	 {{Springer-Verlag}},
  year = 	 {1986},
  address = 	 {New York}
}

@article{gove2000some,
  title={Some observations on fitting assumed diameter distributions to horizontal point sampling data},
  author={Gove, Jeffrey H},
  journal={Canadian journal of forest research},
  volume={30},
  number={4},
  pages={521--533},
  year={2000},
  publisher={NRC Research Press}
}

@misc{quebec2018pep,
author={{Gouvernement du QuÃ©bec}},
title={{Placettes-Ã©chantillons permanentes}},
publisher={Le carrefour collaboratif en donnÃ©es ouvertes quÃ©bÃ©coises},
year={2019},
note={Available at \url{https://www.donneesquebec.ca}}
}

